% This file was created with JabRef 2.3.1.
% Encoding: ISO8859_1

@ARTICLE{Oppenheim1996,
  author = {Meers M. Oppenheim and Niels F. Otani},
  title = {Spectral characteristics of the {F}arley-{B}uneman instability: simulations
	versus observations},
  journal = {J. Geophys. Res.},
  year = {1996},
  volume = {101},
  pages = {24573-24582},
  owner = {yannpaul},
  timestamp = {2009.01.13}
}

@comment{jabref-meta: selector_publisher:}

@comment{jabref-meta: selector_author:}

@comment{jabref-meta: selector_journal:}

@comment{jabref-meta: selector_keywords:}

